<record><leader>00000cas a22000007a 4500</leader><controlfield tag="001">2253594</controlfield><controlfield tag="008">760620d18971910nduwr ne      0    0nor d</controlfield><datafield ind1=" " ind2=" " tag="010"><subfield code="a">sn 84024787 </subfield></datafield><datafield ind1=" " ind2=" " tag="040"><subfield code="a">MUL</subfield><subfield code="b">eng</subfield><subfield code="c">MUL</subfield><subfield code="d">NPV</subfield><subfield code="d">DLC</subfield><subfield code="d">NOP</subfield><subfield code="d">OCLCQ</subfield></datafield><datafield ind1="0" ind2=" " tag="041"><subfield code="a">nor</subfield><subfield code="a">eng</subfield></datafield><datafield ind1=" " ind2=" " tag="042"><subfield code="a">msc</subfield></datafield><datafield ind1="0" ind2="0" tag="245"><subfield code="a">Statstidende.</subfield></datafield><datafield ind1=" " ind2=" " tag="260"><subfield code="a">Hillsboro, N.D. :</subfield><subfield code="b">Banner Pub. Co.</subfield></datafield><datafield ind1=" " ind2=" " tag="300"><subfield code="a">volumes :</subfield><subfield code="b">illustrations ;</subfield><subfield code="c">54-60 cm</subfield></datafield><datafield ind1=" " ind2=" " tag="310"><subfield code="a">Weekly</subfield></datafield><datafield ind1=" " ind2=" " tag="336"><subfield code="a">text</subfield><subfield code="b">txt</subfield><subfield code="2">rdacontent</subfield></datafield><datafield ind1=" " ind2=" " tag="337"><subfield code="a">unmediated</subfield><subfield code="b">n</subfield><subfield code="2">rdamedia</subfield></datafield><datafield ind1=" " ind2=" " tag="338"><subfield code="a">volume</subfield><subfield code="b">nc</subfield><subfield code="2">rdacarrier</subfield></datafield><datafield ind1="1" ind2=" " tag="362"><subfield code="a">Began in Mar. 1897; ceased in 1910.</subfield></datafield><datafield ind1=" " ind2=" " tag="500"><subfield code="a">Includes supplements.</subfield></datafield><datafield ind1=" " ind2=" " tag="546"><subfield code="a">In Norwegian, with some columns and advertisements in English.</subfield></datafield><datafield ind1=" " ind2=" " tag="752"><subfield code="a">United States</subfield><subfield code="b">North Dakota</subfield><subfield code="c">Traill</subfield><subfield code="d">Hillsboro.</subfield></datafield><datafield ind1="0" ind2="5" tag="780"><subfield code="t">Folkets avis</subfield><subfield code="w">(DLC)sn 84024786</subfield></datafield><datafield ind1="1" ind2=" " tag="029"><subfield code="a">AU@</subfield><subfield code="b">000025833876</subfield></datafield></record>